<record><leader>00000cas a2200000 a 4500</leader><controlfield tag="001">11990356</controlfield><controlfield tag="008">850502d18881894iluwr ne      0    0wel d</controlfield><datafield ind1=" " ind2=" " tag="010"><subfield code="a">sn 85030193 </subfield></datafield><datafield ind1=" " ind2=" " tag="040"><subfield code="a">KSH</subfield><subfield code="b">eng</subfield><subfield code="c">KSH</subfield><subfield code="d">NPT</subfield><subfield code="d">NPX</subfield><subfield code="d">NYS</subfield><subfield code="d">OCL</subfield><subfield code="d">OCLCQ</subfield><subfield code="d">OCLCF</subfield><subfield code="d">OCLCO</subfield></datafield><datafield ind1="0" ind2=" " tag="041"><subfield code="a">weleng</subfield></datafield><datafield ind1=" " ind2=" " tag="042"><subfield code="a">msc</subfield></datafield><datafield ind1=" " ind2=" " tag="043"><subfield code="a">n-us---</subfield><subfield code="a">n-us-ks</subfield><subfield code="a">n-us-il</subfield></datafield><datafield ind1="0" ind2=" " tag="130"><subfield code="a">Columbia (Emporia, Kan.)</subfield></datafield><datafield ind1="1" ind2="0" tag="245"><subfield code="a">Columbia.</subfield></datafield><datafield ind1=" " ind2=" " tag="260"><subfield code="a">Emporia, Kan. :</subfield><subfield code="b">Columbia Pub. Co.</subfield></datafield><datafield ind1=" " ind2=" " tag="300"><subfield code="a">v. :</subfield><subfield code="b">ill. ;</subfield><subfield code="c">55 cm.</subfield></datafield><datafield ind1=" " ind2=" " tag="310"><subfield code="a">Weekly</subfield></datafield><datafield ind1="1" ind2=" " tag="362"><subfield code="a">Began in 1888.</subfield><subfield code="z">Cf. Rowell, 1889.</subfield></datafield><datafield ind1="1" ind2=" " tag="362"><subfield code="a">Ceased in Feb. 1894?</subfield><subfield code="z">Cf. Y Drych a'r Columbia, Feb. 8, 1894.</subfield></datafield><datafield ind1=" " ind2=" " tag="500"><subfield code="a">Published at Chicago, Ill., Aug. 1891-1894.</subfield></datafield><datafield ind1=" " ind2=" " tag="500"><subfield code="a">"Only Welsh &amp; English newspaper in the country."</subfield></datafield><datafield ind1=" " ind2=" " tag="546"><subfield code="a">In Welsh and English.</subfield></datafield><datafield ind1=" " ind2=" " tag="588"><subfield code="a">Description based on: Vol. 3, no. 50 (Dec. 11, 1890).</subfield></datafield><datafield ind1=" " ind2="0" tag="650"><subfield code="a">Welsh</subfield><subfield code="z">United States</subfield><subfield code="v">Newspapers.</subfield></datafield><datafield ind1=" " ind2="0" tag="651"><subfield code="a">Emporia (Kan.)</subfield><subfield code="v">Newspapers.</subfield></datafield><datafield ind1=" " ind2="0" tag="651"><subfield code="a">Chicago (Ill.)</subfield><subfield code="v">Newspapers.</subfield></datafield><datafield ind1=" " ind2="7" tag="655"><subfield code="a">Newspapers.</subfield><subfield code="2">fast</subfield><subfield code="0">(OCoLC)fst01423814</subfield></datafield><datafield ind1=" " ind2="7" tag="650"><subfield code="a">Welsh.</subfield><subfield code="2">fast</subfield><subfield code="0">(OCoLC)fst01173757</subfield></datafield><datafield ind1=" " ind2="7" tag="651"><subfield code="a">Illinois</subfield><subfield code="z">Chicago.</subfield><subfield code="2">fast</subfield><subfield code="0">(OCoLC)fst01204048</subfield></datafield><datafield ind1=" " ind2="7" tag="651"><subfield code="a">Kansas</subfield><subfield code="z">Emporia.</subfield><subfield code="2">fast</subfield><subfield code="0">(OCoLC)fst01204306</subfield></datafield><datafield ind1=" " ind2="7" tag="651"><subfield code="a">United States.</subfield><subfield code="2">fast</subfield><subfield code="0">(OCoLC)fst01204155</subfield></datafield><datafield ind1=" " ind2=" " tag="752"><subfield code="a">United States</subfield><subfield code="b">Illinois</subfield><subfield code="c">Cook</subfield><subfield code="d">Chicago.</subfield></datafield><datafield ind1=" " ind2=" " tag="752"><subfield code="a">United States</subfield><subfield code="b">Kansas</subfield><subfield code="c">Lyon</subfield><subfield code="d">Emporia.</subfield></datafield><datafield ind1="0" ind2="7" tag="785"><subfield code="t">Drych y wasg a baner America</subfield><subfield code="w">(DLC)sn 93063697</subfield><subfield code="w">(OCoLC)29340953</subfield></datafield><datafield ind1="0" ind2="7" tag="785"><subfield code="t">Drych a'r Columbia</subfield><subfield code="w">(DLC)sn 86072052</subfield><subfield code="w">(OCoLC)14404267</subfield></datafield></record>